@manual{abntex2cite,
  annote       = {Este documento é derivado do \cite{abnt-bibtex-doc}},
  author       = {Lauro César Araujo},
  organization = {Equipe abnTeX2},
  title        = {O pacote abntex2cite: Estilos bibliogr{\'a}ficos compat{\'\i}veis com a ABNT NBR 6023},
  url          = {http://www.abntex.net.br/},
  year         = {2015}
}

@manual{abntex2cite-alf,
  annote       = {Este documento é derivado do \cite{abnt-bibtex-alf-doc}},
  author       = {Lauro César Araujo},
  organization = {Equipe abnTeX2},
  title        = {O pacote abntex2cite: tópicos específicos da ABNT NBR 10520:2002 e o estilo bibliográfico alfabético (sistema autor-data)},
  url          = {http://www.abntex.net.br/},
  year         = {2015}
}

@manual{abntex2classe,
  author       = {Lauro César Araujo},
  organization = {Equipe abnTeX2},
  title        = {A classe abntex2: Modelo canônico de trabalhos acadêmicos brasileiros compatível com as normas ABNT NBR 14724:2011, ABNT NBR 6024:2012 e outras},
  url          = {http://www.abntex.net.br/},
  year         = {2015}
}


@book{goossens94,
  author    = {Goossens, M. and Mittelbach, F. and Samarin, A.},
  publisher = {Addison-Wesley},
  title     = {{The LATEX companion}},
  year      = {1994}
}

@book{ibge1993,
  address       = {Rio de Janeiro},
  author        = {IBGE},
  edition       = {3},
  organization  = {http://biblioteca.ibge.gov.br/visualizacao/livros/liv23907.pdf},
  publisher     = {Centro de Documentação e Disseminação de Informações. Fundação Instituto Brasileiro de Geografia e Estatística},
  title         = {Normas de apresentação tabular},
  urlaccessdate = {2013-08-21},
  year          = {1993}
}

@manual{ifsc:manual:normalizacao,
  author        = {Instituto Federal de Santa Catarina},
  month         = {4},
  title         = {Manual de normalização de trabalhos acadêmicos do Sistema de Bibliotecas integradas do IFSC (SiBI/IFSC)},
  url           = {https://www.ifsc.edu.br/documentos-uteis},
  urlaccessdate = {2025-04-16},
  year          = {2025}
}

@book{lamport94,
  author    = {Lamport, L. and others},
  publisher = {Addison-Wesley, Reading, Massachusetts,},
  title     = {{La T E X: A Document Preparation System}},
  year      = {1994}
}

@manual{NBR10520:2002,
  address      = {Rio de Janeiro},
  month        = {8},
  org-short    = {ABNT},
  organization = {Associação Brasileira de Normas Técnicas},
  pages        = 7,
  subtitle     = {Informação e documentação --- Apresentação de citações em documentos},
  title        = {{NBR} 10520},
  year         = 2002
}

@misc{openclipart,
  author        = {Yen-Lung Tsai},
  month         = {8},
  title         = {Man with a computer},
  url           = {https://openclipart.org/detail/226375/man-with-a-computer},
  urlaccessdate = {2022-08-27},
  year          = {2015}
}